<record><leader>00000cas a2200000 a 4500</leader><controlfield tag="001">8799238</controlfield><controlfield tag="008">820923d18531855iluwr ne      0   a0eng  </controlfield><datafield ind1=" " ind2=" " tag="010"><subfield code="a">sn 82015063 </subfield></datafield><datafield ind1=" " ind2=" " tag="040"><subfield code="a">DLC</subfield><subfield code="b">eng</subfield><subfield code="c">DLC</subfield><subfield code="d">NVF</subfield><subfield code="d">OBN</subfield><subfield code="d">CVF</subfield><subfield code="d">OCL</subfield><subfield code="d">NVF</subfield><subfield code="d">OCLCO</subfield><subfield code="d">OCLCQ</subfield><subfield code="d">OCLCF</subfield><subfield code="d">NVF</subfield></datafield><datafield ind1=" " ind2=" " tag="042"><subfield code="a">pcc</subfield></datafield><datafield ind1=" " ind2=" " tag="043"><subfield code="a">n-us-il</subfield></datafield><datafield ind1="0" ind2="0" tag="050"><subfield code="a">Newspaper 7678</subfield></datafield><datafield ind1="0" ind2="0" tag="245"><subfield code="a">Pittsfield union.</subfield></datafield><datafield ind1=" " ind2=" " tag="260"><subfield code="a">Pittsfield, Ill. :</subfield><subfield code="b">M.H. Abbott,</subfield><subfield code="c">1853-1855.</subfield></datafield><datafield ind1=" " ind2=" " tag="300"><subfield code="a">v.</subfield></datafield><datafield ind1=" " ind2=" " tag="310"><subfield code="a">Weekly</subfield></datafield><datafield ind1="0" ind2=" " tag="362"><subfield code="a">Vol. 4, no. 34 (Jan. 5, 1853)-v. 6, no. 45 (Apr. 25, 1855).</subfield></datafield><datafield ind1=" " ind2=" " tag="515"><subfield code="a">Continues the numbering of Union (Pittsfield, Ill.).</subfield></datafield><datafield ind1=" " ind2="0" tag="651"><subfield code="a">Pittsfield (Ill.)</subfield><subfield code="v">Newspapers.</subfield></datafield><datafield ind1=" " ind2="0" tag="651"><subfield code="a">Pike County (Ill.)</subfield><subfield code="v">Newspapers.</subfield></datafield><datafield ind1=" " ind2="7" tag="651"><subfield code="a">Illinois</subfield><subfield code="z">Pike County.</subfield><subfield code="2">fast</subfield><subfield code="0">(OCoLC)fst01206336</subfield></datafield><datafield ind1=" " ind2="7" tag="651"><subfield code="a">Illinois</subfield><subfield code="z">Pittsfield.</subfield><subfield code="2">fast</subfield><subfield code="0">(OCoLC)fst01226733</subfield></datafield><datafield ind1=" " ind2="7" tag="655"><subfield code="a">Newspapers.</subfield><subfield code="2">fast</subfield><subfield code="0">(OCoLC)fst01423814</subfield></datafield><datafield ind1=" " ind2=" " tag="752"><subfield code="a">United States</subfield><subfield code="b">Illinois</subfield><subfield code="c">Pike County</subfield><subfield code="d">Pittsfield.</subfield></datafield><datafield ind1="0" ind2="0" tag="780"><subfield code="t">Union (Pittsfield, Ill.)</subfield><subfield code="w">(DLC)sn 82015062</subfield><subfield code="w">(OCoLC)8799202</subfield></datafield><datafield ind1="0" ind2="0" tag="785"><subfield code="t">Pike County union</subfield><subfield code="w">(DLC)sn 82006504</subfield><subfield code="w">(OCoLC)8801311</subfield></datafield><datafield ind1="1" ind2=" " tag="029"><subfield code="a">AU@</subfield><subfield code="b">000005591473</subfield></datafield></record>